@article{Giles,
  title={Multilevel {M}onte {C}arlo {P}ath {S}imulation},
  author={Giles, M. B.},
  journal={Oper. Res.},
  volume={56},
  number={3},
  pages={607--617},
  year={2008},
  publisher={Institute for Operations Research and the Management Sciences}
}

